@book{book:nilEC,
	title =     {Electric Circuits},
	author =    {James W. Nilsson, Susan Riedel},
	publisher = {Prentice Hall},
	isbn =      {0133760030,9780133760033},
	year =      {2014},
	series =    {},
	edition =   {10},
	volume =    {},
	url =       {http://gen.lib.rus.ec/book/index.php?md5=03056790a74181d7794410d104eb40da}
}

@book{book:nilECSol,
   title =     {Electric Circuits - Instructor's Solutions Manual},
   author =    {James W. Nilsson and Susan A. Riedel},
   publisher = {Pearson Education},
   isbn =      {0133767124, 9780133767124 (ISM)},
   year =      {c2015},
   series =    {},
   edition =   {10th},
   volume =    {},
   url =       {http://gen.lib.rus.ec/book/index.php?md5=87d143afb7721c649ca9d0312cfbfdab}
}
@book{book:alexEC,
	title =     {Fundamentals of Electric Circuits},
	author =    {Charles K Alexander, Matthew Sadiku},
	publisher = {McGraw-Hill Education},
	isbn =      {0078028221,9780078028229},
	year =      {2016},
	series =    {},
	edition =   {6},
	volume =    {},
	url =       {http://gen.lib.rus.ec/book/index.php?md5=35E6BF8A0595988D38F4A6A8B7FA12A4}
}
@book{book:alexECSol,
	title =     {Fundamentals of Electric Circuits - Instructor Solutions Manual},
	author =    {Charles K.Alexander,Matthew N. O.Sadiku},
	publisher = {McGraw Hill},
	isbn =      {},
	year =      {2013},
	series =    {},
	edition =   {5th},
	volume =    {},
	url =       {http://gen.lib.rus.ec/book/index.php?md5=19dd000fcf3786cee40d7ec083f7c13a}
}